@article{dmitriev2016laser,
  title={Laser fabrication of crystalline silicon nanoresonators from an amorphous film for low-loss all-dielectric nanophotonics},
  author={Dmitriev, PA and Makarov, SV and Milichko, VA and Mukhin, IS and Gudovskikh, AS and Sitnikova, AA and Samusev, AK and Krasnok, AE and Belov, PA},
  journal={Nanoscale},
  volume={8},
  number={9},
  pages={5043--5048},
  year={2016},
  publisher={Royal Society of Chemistry}
}

@article{dmitriev2016resonant,
  title={Resonant Raman scattering from silicon nanoparticles enhanced by magnetic response},
  author={Dmitriev, Pavel A and Baranov, Denis G and Milichko, Valentin A and Makarov, Sergey V and Mukhin, Ivan S and Samusev, Anton K and Krasnok, Alexander E and Belov, Pavel A and Kivshar, Yuri S},
  journal={Nanoscale},
  volume={8},
  number={18},
  pages={9721--9726},
  year={2016},
  publisher={Royal Society of Chemistry}
}
